@inproceedings{chen2015lstm,
  title={A LSTM-based method for stock returns prediction: A case study of China stock market},
  author={Chen, Kai and Zhou, Yi and Dai, Fangyan},
  booktitle={2015 IEEE international conference on big data (big data)},
  pages={2823--2824},
  year={2015},
  organization={IEEE}
}

@inproceedings{fu2001pattern,
  title={Pattern discovery from stock time series using self-organizing maps},
  author={Fu, Tak-chung and Chung, FL and Ng, Vincent and Luk, Robert},
  booktitle={Workshop Notes of KDD2001 Workshop on Temporal Data Mining},
  pages={26--29},
  year={2001},
  organization={Citeseer}
}